
%  Sample BibTeX file for use with the samplepaper.tex file created
% for the SMU Data Science Review Journal.

@article{amputeedb,
  title={Electromyography data for non-invasive naturally-controlled robotic hand prostheses},
  author={Atzori, Manfredo and Gijsberts, Arjan and Castellini, Claudio and Caputo, Barbara and Hager, Anne-Gabrielle Mittaz and Elsig, Simone and Giatsidis, Giorgio and Bassetto, Franco and M{\"u}ller, Henning},
  journal={Scientific data},
  volume={1},
  number={1},
  pages={1--13},
  year={2014},
  publisher={Nature Publishing Group}
}
@article{rnn_fun,
  author    = {Alex Sherstinsky},
  title     = {Fundamentals of Recurrent Neural Network {(RNN)} and Long Short-Term
               Memory {(LSTM)} Network},
  journal   = {CoRR},
  volume    = {abs/1808.03314},
  year      = {2018},
  url       = {http://arxiv.org/abs/1808.03314},
  archivePrefix = {arXiv},
  eprint    = {1808.03314},
  timestamp = {Sun, 02 Sep 2018 15:01:55 +0200},
  biburl    = {https://dblp.org/rec/journals/corr/abs-1808-03314.bib},
  bibsource = {dblp computer science bibliography, https://dblp.org}
}
@article{myosota,
  title={Myoelectric control of prosthetic hands: state-of-the-art review},
  author={Geethanjali, Purushothaman},
  journal={Medical Devices (Auckland, NZ)},
  volume={9},
  pages={247},
  year={2016},
  publisher={Dove Press}
}
@book{ring_2018, place={Place of publication not identified}, title={LEARNING APPROACHES IN SIGNAL PROCESSING}, publisher={PAN STANFORD Publishing}, author={RING, FRANCIS}, year={2018}}
@article{nina5,
author = {Pizzolato, Stefano and Tagliapietra, Luca and Cognolato, Matteo and Reggiani, Monica and Müller, Henning and Atzori, Manfredo},
year = {2017},
month = {10},
pages = {e0186132},
title = {Comparison of six electromyography acquisition setups on hand movement classification tasks},
volume = {12},
journal = {PLOS ONE},
doi = {10.1371/journal.pone.0186132}
}

 @article{250ms, title={Determining the Optimal Window Length for Pattern Recognition-Based Myoelectric Control: Balancing the Competing Effects of Classification Error and Controller Delay}, volume={19}, url={http://dx.doi.org/10.1109/TNSRE.2010.2100828}, DOI={10.1109/tnsre.2010.2100828}, number={2}, journal={IEEE Transactions on Neural Systems and Rehabilitation Engineering}, publisher={Institute of Electrical and Electronics Engineers (IEEE)}, author={Smith, L H and Hargrove, L J and Lock, B A and Kuiken, T A}, year={2011}, month={Apr}, pages={186–192} } 

@ARTICLE{300ms,
author={B. {Hudgins} and P. {Parker} and R. N. {Scott}},
journal={IEEE Transactions on Biomedical Engineering},
title={A new strategy for multifunction myoelectric control},
year={1993},
volume={40},
number={1},
pages={82-94},
keywords={artificial limbs;biocontrol;bioelectric potentials;muscle;multifunction myoelectric control strategy;feature extraction;pattern structure preservation;artificial limb control;multifunction prosthesis;time segments;artificial neural network;natural contraction patterns;subject training;amputee;Prosthetics;Muscles;Feature extraction;Artificial neural networks;Amputation;Artifacts;Bias (Epidemiology);Electrophysiology;Evaluation Studies as Topic;Humans;Isometric Contraction;Isotonic Contraction;Models, Neurological;Muscle Contraction;Neural Networks (Computer);Prostheses and Implants;Prosthesis Design;Signal Processing, Computer-Assisted},
doi={10.1109/10.204774},
ISSN={1558-2531},
month={Jan},}


@inproceedings{rnn_128,
  title={Movement and gesture recognition using deep learning and wearable-sensor technology},
  author={Xie, Baao and Li, Baihua and Harland, Andy},
  booktitle={Proceedings of the 2018 International Conference on Artificial Intelligence and Pattern Recognition},
  pages={26--31},
  year={2018}
}

@article{myo,
author = {Visconti, Paolo and Gaetani, Federico and Zappatore, Giovanni and Primiceri, Patrizio},
year = {2018},
month = {06},
pages = {1-25},
title = {Technical Features and Functionalities of Myo Armband: An Overview on Related Literature and Advanced Applications of Myoelectric Armbands Mainly Focused on Arm Prostheses},
volume = {11},
journal = {International Journal on Smart Sensing and Intelligent Systems},
doi = {10.21307/ijssis-2018-005}
}


@article{rnn_1000,
author = {Simão, Miguel and Neto, Pedro and Gibaru, Olivier},
year = {2019},
month = {08},
pages = {},
title = {EMG-based online classification of gestures with recurrent neural networks},
volume = {128},
journal = {Pattern Recognition Letters},
doi = {10.1016/j.patrec.2019.07.021}
}


@article{systematic,
  title={A systematic review on hand gesture recognition techniques, challenges and applications},
  author={Yasen, Mais and Jusoh, Shaidah},
  journal={PeerJ Computer Science},
  volume={5},
  pages={e218},
  year={2019},
  publisher={PeerJ Inc.}
}

@article{graves,
  title={SVM-Based Tool to Detect Patients with Multiple Sclerosis Using a Commercial EMG Sensor},
  author={Konstantin Akhmadeev and Aya Houssein and Sa{\"i}d Moussaoui and Einar August H{\o}gest{\o}l and Ingerid Tutturen and Hanne F. Harbo and Steffan D. Bos-Haugen and Jennifer Graves and David-Axel Laplaud and Pierre-Antoine Gourraud},
  journal={2018 IEEE 10th Sensor Array and Multichannel Signal Processing Workshop (SAM)},
  year={2018},
  pages={376-379}
}
@ARTICLE{primary,
author={U. {Côté-Allard} and C. L. {Fall} and A. {Drouin} and A. {Campeau-Lecours} and C. {Gosselin} and K. {Glette} and F. {Laviolette} and B. {Gosselin}},
journal={IEEE Transactions on Neural Systems and Rehabilitation Engineering},
title={Deep Learning for Electromyographic Hand Gesture Signal Classification Using Transfer Learning},
year={2019},
volume={27},
number={4},
pages={760-771},
keywords={electromyography;gesture recognition;human computer interaction;learning (artificial intelligence);medical signal processing;muscle;signal classification;wavelet transforms;electromyographic hand gesture signal classification;deep learning algorithms;discriminant features;electromyography-based gesture recognition;multiple users;able-bodied participants;different deep learning networks;transfer learning scheme;Myo armband dataset;NinaPro database;spectrograms;continuous wavelet transform;CWT;raw EMG-based ConvNet;Gesture recognition;Deep learning;Continuous wavelet transforms;Electromyography;Electrodes;Training;Spectrogram;Surface electromyography;EMG;transfer learning;domain adaptation;deep learning;convolutional networks;hand gesture recognition},
doi={10.1109/TNSRE.2019.2896269},
ISSN={1558-0210},
month={April},}

@misc{cobrasts,
    title={COBRAS-TS: A new approach to Semi-Supervised Clustering of Time Series},
    author={Toon Van Craenendonck and Wannes Meert and Sebastijan Dumancic and Hendrik Blockeel},
    year={2018},
    eprint={1805.00779},
    archivePrefix={arXiv},
    primaryClass={stat.ML}
}

@article{Thompson2018,
  doi = {10.1016/s1474-4422(17)30470-2},
  url = {https://doi.org/10.1016/s1474-4422(17)30470-2},
  year = {2018},
  month = feb,
  publisher = {Elsevier {BV}},
  volume = {17},
  number = {2},
  pages = {162--173},
  author = {Alan J Thompson and Brenda L Banwell and Frederik Barkhof and William M Carroll and Timothy Coetzee and Giancarlo Comi and Jorge Correale and Franz Fazekas and Massimo Filippi and Mark S Freedman and Kazuo Fujihara and Steven L Galetta and Hans Peter Hartung and Ludwig Kappos and Fred D Lublin and Ruth Ann Marrie and Aaron E Miller and David H Miller and Xavier Montalban and Ellen M Mowry and Per Soelberg Sorensen and Mar Tintor{\'{e}} and Anthony L Traboulsee and Maria Trojano and Bernard M J Uitdehaag and Sandra Vukusic and Emmanuelle Waubant and Brian G Weinshenker and Stephen C Reingold and Jeffrey A Cohen},
  title = {Diagnosis of multiple sclerosis: 2017 revisions of the {McDonald} criteria},
  journal = {The Lancet Neurology}
}

@misc{mayoclinic_2019, title={Multiple sclerosis}, url={https://www.mayoclinic.org/diseases-conditions/multiple-sclerosis/diagnosis-treatment/drc-20350274}, journal={Mayo Clinic}, publisher={Mayo Foundation for Medical Education and Research}, year={2019}, month={Apr}} 
 @phdthesis{wottschel_2017, url={http://discovery.ucl.ac.uk/1553224/1/Wottschel_thesis_final_VW.pdf}, author={Wottschel, Viktor}, year={2017}} 
@article{article1,
  author = {Freely, I.P.},
  title = {Yellow River},
  journal = {The Journal of Small Papers},
  year = 1997,
  volume = {-1},
  note = {to appear}
}

@article{article2,
  author = {Jass, Hugh},
  title = {Phases of the Moon},
  journal = {The Journal of Big Papers},
  year = 2001,
  number  = 2,
  pages   = {201-213},
  month   = 7,
  note    = {An optional note}, 
  volume = 4
}
% \cite{Lopez2018}
@article{Lopez2018,
  doi = {10.1016/j.jbi.2018.07.004},
  url = {https://doi.org/10.1016/j.jbi.2018.07.004},
  year = {2018},
  month = sep,
  publisher = {Elsevier {BV}},
  volume = {85},
  pages = {30--39},
  author = {Christian Lopez and Scott Tucker and Tarik Salameh and Conrad Tucker},
  title = {An unsupervised machine learning method for discovering patient clusters based on genetic signatures},
  journal = {Journal of Biomedical Informatics}
}

@article{Yoo2018,
  doi = {10.1016/j.nicl.2017.10.015},
  url = {https://doi.org/10.1016/j.nicl.2017.10.015},
  year = {2018},
  publisher = {Elsevier {BV}},
  volume = {17},
  pages = {169--178},
  author = {Youngjin Yoo and Lisa Y.W. Tang and Tom Brosch and David K.B. Li and Shannon Kolind and Irene Vavasour and Alexander Rauscher and Alex L. MacKay and Anthony Traboulsee and Roger C. Tam},
  title = {Deep learning of joint myelin and T1w {MRI} features in normal-appearing brain tissue to distinguish between multiple~sclerosis~patients and healthy controls},
  journal = {{NeuroImage}: Clinical}
}

@book{book,
  author    = {Peter Babington and Joshua Zimm}, 
  title     = {The Title of the Book},
  publisher = {The name of the publisher},
  year      = 1993,
  address   = {The address of the publisher},
  edition   = 3,
  month     = 7,
  note      = {An optional note},
  isbn      = {3257227892}
}

@booklet{booklet,
  title        = {The title of the work},
  author       = {Peter Caxton}, 
  howpublished = {How it was published},
  address      = {The address of the publisher},
  month        = 7,
  year         = 1993,
  note         = {An optional note}
}

@conference{conference,
  author       = {Peter Draper and Ian Flemming and Al Einstein and Alan Turing}, 
  title        = {The Title of the Conference Paper},
  booktitle    = {The Title of the Conference Proceedings Book},
  year         = 1993,
  editor       = {The editor if there is one},
  pages        = 213,
  address      = {The address of the publisher},
  month        = 7,
  organization = {The organization},
  publisher    = {The publisher},
  note         = {An optional note}  
}

@inbook{inbook,
  author       = {Peter Eston}, 
  title        = {The title of the work},
  chapter      = 8,
  pages        = {201-213},
  publisher    = {The name of the publisher},
  year         = 1993,
  volume       = 4,
  series       = 5,
  address      = {The address of the publisher},
  edition      = 3,
  month        = 7,
  note         = {An optional note}
}

@incollection{incollection,
  author       = {Peter Farindon}, 
  title        = {The title of the work},
  booktitle    = {The title of the book},
  publisher    = {The name of the publisher},
  year         = 1993,
  editor       = {The editor},
  volume       = 4,
  series       = 5,
  chapter      = 8,
  pages        = {201-213},
  address      = {The address of the publisher},
  edition      = 3,
  month        = 7,
  note         = {An optional note}
}
@manual{manual,
  title        = {The title of the work},
  author       = {Peter Gainsford}, 
  organization = {The organization},
  address      = {The address of the publisher},
  edition      = 3,
  month        = 7,
  year         = 1993,
  note         = {An optional note}
}

@mastersthesis{mastersthesis,
  author       = {Peter Harwood}, 
  title        = {The title of the work},
  school       = {The school of the thesis},
  year         = 1993,
  address      = {The address of the publisher},
  month        = 7,
  note         = {An optional note}
}

@misc{misc,
  author       = {Peter Isley}, 
  title        = {The title of the work},
  howpublished = {How it was published},
  month        = 7,
  year         = 1993,
  note         = {An optional note}
}

@phdthesis{phdthesis,
  author       = {Peter Joslin}, 
  title        = {The title of the work},
  school       = {The school of the thesis},
  year         = 1993,
  address      = {The address of the publisher},
  month        = 7,
  note         = {An optional note}
}

@proceedings{proceedings,
  title        = {The title of the work},
  year         = 1993,
  editor       = {Peter Kidwelly},
  volume       = 4,
  series       = 5,
  address      = {The address of the publisher},
  month        = 7,
  organization = {The organization},
  publisher    = {The name of the publisher},
  note         = {An optional note}
}

@techreport{techreport,
  author       = {Peter Lambert}, 
  title        = {The title of the work},
  institution  = {The institution that published},
  year         = 1993,
  number       = 2,
  address      = {The address of the publisher},
  month        = 7,
  note         = {An optional note}
}

@unpublished{unpublished,
  author       = {Peter Marcheford}, 
  title        = {The title of the work},
  note         = {An optional note},
  month        = 7,
  year         = 1993
}
                            




